%% This BibTeX bibliography file was created using BibDesk.
%% http://bibdesk.sourceforge.net/


%% Created for Pieter-Jan Kindermans at 2015-08-07 18:38:42 +0200


%% Saved with string encoding Unicode (UTF-8)

@article{DosovitskiySRB14,
  author    = {Alexey Dosovitskiy and
               Jost Tobias Springenberg and
               Martin A. Riedmiller and
               Thomas Brox},
  title     = {Discriminative Unsupervised Feature Learning with Convolutional Neural
               Networks},
  journal   = {CoRR},
  year      = {2014}}




@incollection{Kindermans2012a,
	Author = {Pieter-Jan Kindermans AND Hannes Verschore AND David Verstraeten and Benjamin Schrauwen},
	Booktitle = {Advances in Neural Information Processing Systems (NIPS)},
	Date-Added = {2015-08-07 16:38:40 +0000},
	Date-Modified = {2015-08-07 16:38:40 +0000},
	Pages = {719--727},
	Title = {A {P300 BCI} for the Masses: Prior Information Enables Instant Unsupervised Spelling},
	Year = {2012}}

@inproceedings{diwucvpr2014,
	Author = {Di Wu and Ling Shao},
	Booktitle = {IEEE Conference on Computer Vision and Pattern Recognition},
	Title = {Leveraging Hierarchical Parametric Network for Skeletal Joints Action Segmentation and Recognition},
	Year = {2014}}

@inproceedings{chalearnLAP,
	Booktitle = {European Conference on Computer Vision workshop},
	Title = {ChaLearn Looking at People Challenge 2014: Dataset and Results},
	Year = {2014}}

@inproceedings{ngiam2011multimodal,
	Author = {Ngiam, Jiquan and Khosla, Aditya and Kim, Mingyu and Nam, Juhan and Lee, Honglak and Ng, Andrew Y},
	Booktitle = {Proceedings of the 28th international conference on machine learning (ICML-11)},
	Pages = {689--696},
	Title = {Multimodal deep learning},
	Year = {2011}}

@inproceedings{wang2009evaluation,
	Author = {Wang, Heng and Ullah, Muhammad Muneeb and Klaser, Alexander and Laptev, Ivan and Schmid, Cordelia and others},
	Booktitle = {British Machine Vision Conference},
	Title = {Evaluation of local spatio-temporal features for action recognition},
	Year = {2009}}

@inproceedings{wang2011action,
	Author = {Wang, Heng and Klaser, Alexander and Schmid, Cordelia and Liu, Cheng-Lin},
	Booktitle = {IEEE Conference on Computer Vision and Pattern Recognition},
	Title = {Action recognition by dense trajectories}}

@inproceedings{wang2013action,
	Author = {Wang, Heng and Schmid, Cordelia},
	Booktitle = {International Conference on Computer Vision},
	Title = {Action recognition with improved trajectories},
	Year = {2013}}

@article{wang2013dense,
	Author = {Wang, Heng and Kl{\"a}ser, Alexander and Schmid, Cordelia and Liu, Cheng-Lin},
	Journal = {International Journal of Computer Vision},
	Publisher = {Springer},
	Title = {Dense trajectories and motion boundary descriptors for action recognition},
	Year = {2013}}

@article{hinton2006fast,
	Author = {Hinton, Geoffrey E and Osindero, Simon and Teh, Yee-Whye},
	Journal = {Neural computation},
	Publisher = {MIT Press},
	Title = {A fast learning algorithm for deep belief nets},
	Year = {2006}}

@inproceedings{krizhevsky2012imagenet,
	Author = {Krizhevsky, Alex and Sutskever, Ilya and Hinton, Geoffrey E},
	Booktitle = {Neural Information Processing Systems},
	Title = {ImageNet Classification with Deep Convolutional Neural Networks},
	Year = {2012}}

@inproceedings{ciresan2012multi,
	Author = {Ciresan, Dan and Meier, Ueli and Schmidhuber, J{\"u}rgen},
	Booktitle = {IEEE Conference on Computer Vision and Pattern Recognition},
	Title = {Multi-column deep neural networks for image classification},
	Year = {2012}}

@inproceedings{Bastien-Theano-2012,
	Author = {Bastien, Fr{\'{e}}d{\'{e}}ric and Lamblin, Pascal and Pascanu, Razvan and Bergstra, James and Goodfellow, Ian J. and Bergeron, Arnaud and Bouchard, Nicolas and Bengio, Yoshua},
	Booktitle = {Deep Learning and Unsupervised Feature Learning NIPS 2012 Workshop},
	Title = {Theano: new features and speed improvements},
	Year = {2012}}

@article{neverova2014moddrop,
	Author = {Neverova, Natalia and Wolf, Christian and Taylor, Graham W and Nebout, Florian},
	Journal = {arXiv preprint arXiv:1501.00102},
	Title = {ModDrop: adaptive multi-modal gesture recognition},
	Year = {2014}}

@article{ji20133d,
	Author = {Ji, Shuiwang and Xu, Wei and Yang, Ming and Yu, Kai},
	Journal = {Pattern Analysis and Machine Intelligence, IEEE Transactions on},
	Title = {3D convolutional neural networks for human action recognition},
	Year = {2013}}

@inproceedings{3dcnn,
	Author = {Shuiwang Ji, Wei Xu, Ming Yang and Kai Yu},
	Booktitle = {International Conference on Machine Learning},
	Publisher = {IEEE},
	Title = {3D Convolutional Neural Networks for Human Action Recognition},
	Year = {2010}}

@ainproceedingscle{LeNet,
	Author = {LeCun, Y. and Bottou, L. and Bengio, Y. and Haffner, P.},
	Publisher = {IEEE},
	Title = {Gradient-based learning applied to document recognition},
	Year = {1998}}

@incollection{taylor2010convolutional,
	Author = {Taylor, Graham W and Fergus, Rob and LeCun, Yann and Bregler, Christoph},
	Booktitle = {European Conference on Computer Vision},
	Publisher = {Springer},
	Title = {Convolutional learning of spatio-temporal features},
	Year = {2010}}

@inproceedings{ngiam2011multimodal,
	Author = {Ngiam, Jiquan and Khosla, Aditya and Kim, Mingyu and Nam, Juhan and Lee, Honglak and Ng, Andrew Y},
	Booktitle = {International Conference on Machine Learning},
	Publisher = {IEEE},
	Title = {Multimodal deep learning},
	Year = {2011}}

@article{matthews2002extraction,
	Author = {Matthews, Iain and Cootes, Timothy F and Bangham, J Andrew and Cox, Stephen and Harvey, Richard},
	Journal = {Pattern Analysis and Machine Intelligence, IEEE Transactions on},
	Title = {Extraction of visual features for lipreading},
	Year = {2002}}

@article{zhao2009lipreading,
	Author = {Zhao, Guoying and Barnard, Mark and Pietikainen, Matti},
	Journal = {Multimedia, IEEE Transactions on},
	Publisher = {IEEE},
	Title = {Lipreading with local spatiotemporal descriptors},
	Year = {2009}}

@inproceedings{baccouche2005spatio,
	Author = {Baccouche, Moez and Mamalet, Franck and Wolf, Christian and Garcia, Christophe and Baskurt, Atilla},
	Booktitle = {British Machine Vision Conference},
	Title = {Spatio-Temporal Convolutional Sparse Auto-Encoder for Sequence Classification},
	Year = {2012}}

@incollection{wang2012robust,
	Author = {Wang, Jiang and Liu, Zicheng and Chorowski, Jan and Chen, Zhuoyuan and Wu, Ying},
	Booktitle = {European Conference on Computer Vision},
	Publisher = {Springer},
	Title = {Robust 3d action recognition with random occupancy patterns},
	Year = {2012}}

@article{DBLP:journals/corr/PigouODHD15,
	Author = {Lionel Pigou and A{\"{a}}ron Van Den Oord and Sander Dieleman and Mieke Van Herreweghe and Joni Dambre},
	Bibsource = {dblp computer science bibliography, http://dblp.org},
	Biburl = {http://dblp.uni-trier.de/rec/bib/journals/corr/PigouODHD15},
	Journal = {CoRR},
	Timestamp = {Wed, 01 Jul 2015 15:10:24 +0200},
	Title = {Beyond Temporal Pooling: Recurrence and Temporal Convolutions for Gesture Recognition in Video},
	Url = {http://arxiv.org/abs/1506.01911},
	Volume = {abs/1506.01911},
	Year = {2015},
	Bdsk-Url-1 = {http://arxiv.org/abs/1506.01911}}

@inproceedings{CRF2001,
	Author = {Lafferty, John and McCallum, Andrew and Pereira, Fernado},
	Booktitle = {International Conference on Machine Learning},
	Publisher = {IEEE},
	Title = {Conditional Random Fields: Probabilistic Models for Segmenting and Labeling Sequence Data},
	Year = {2001}}

@book{koller2009probabilistic,
	Author = {Koller, Daphne and Friedman, Nir},
	Publisher = {MIT press},
	Title = {Probabilistic graphical models: principles and techniques},
	Year = {2009}}

@inproceedings{camgoz2014gesture,
	Author = {Camg{\"o}z, Necati Cihan and Kindiroglu, Ahmet Alp and Akarun, Lale},
	Booktitle = {Computer Vision-ECCV 2014 Workshops},
	Organization = {Springer},
	Pages = {579--594},
	Title = {Gesture recognition using template based random forest classifiers},
	Year = {2014}}

@inproceedings{evangelidis2014continuous,
	Author = {Evangelidis, Georgios D and Singh, Gurkirt and Horaud, Radu},
	Booktitle = {Computer Vision-ECCV 2014 Workshops},
	Organization = {Springer},
	Pages = {595--607},
	Title = {Continuous gesture recognition from articulated poses},
	Year = {2014}}

@inproceedings{chen2014multi,
	Author = {Chen, Guang and Clarke, Daniel and Giuliani, Manuel and Gaschler, Andre and Wu, Di and Weikersdorfer, David and Knoll, Alois},
	Booktitle = {Computer Vision-ECCV 2014 Workshops},
	Organization = {Springer},
	Pages = {608--622},
	Title = {Multi-modality gesture detection and recognition with un-supervision, randomization and discrimination},
	Year = {2014}}

@inproceedings{liang2014multi,
	Author = {Liang, Bin and Zheng, Lihong},
	Booktitle = {Computer Vision-ECCV 2014 Workshops},
	Organization = {Springer},
	Pages = {623--638},
	Title = {Multi-modal gesture recognition using skeletal joints and motion trail model},
	Year = {2014}}

@article{graves2009novel,
	Author = {Graves, Alex and Liwicki, Marcus and Fern{\'a}ndez, Santiago and Bertolami, Roman and Bunke, Horst and Schmidhuber, J{\"u}rgen},
	Journal = {Pattern Analysis and Machine Intelligence, IEEE Transactions on},
	Number = {5},
	Pages = {855--868},
	Publisher = {IEEE},
	Title = {A novel connectionist system for unconstrained handwriting recognition},
	Volume = {31},
	Year = {2009}}

@inproceedings{ngiam2011multimodal,
	Author = {Ngiam, Jiquan and Khosla, Aditya and Kim, Mingyu and Nam, Juhan and Lee, Honglak and Ng, Andrew Y},
	Booktitle = {Proceedings of the 28th international conference on machine learning (ICML-11)},
	Pages = {689--696},
	Title = {Multimodal deep learning},
	Year = {2011}}

@book{bishop2006pattern,
	Author = {Bishop, Christopher},
	Publisher = {Springer},
	Title = {Pattern recognition and machine learning},
	Year = {2006}}

@article{Mooij_libDAI_10,
	Author = {Joris M. Mooij},
	Journal = {Journal of Machine Learning Research},
	Title = {lib{DAI}: A Free and Open Source {C++} Library for Discrete Approximate Inference in Graphical Models},
	Url = {http://www.jmlr.org/papers/volume11/mooij10a/mooij10a.pdf},
	Year = 2010,
	Bdsk-Url-1 = {http://www.jmlr.org/papers/volume11/mooij10a/mooij10a.pdf}}

@incollection{masci2011stacked,
	Author = {Masci, Jonathan and Meier, Ueli and Cire{\c{s}}an, Dan and Schmidhuber, J{\"u}rgen},
	Booktitle = {Artificial Neural Networks and Machine Learning},
	Publisher = {Springer},
	Title = {Stacked convolutional auto-encoders for hierarchical feature extraction},
	Year = {2011}}

@incollection{wang2012robust,
	Author = {Wang, Jiang and Liu, Zicheng and Chorowski, Jan and Chen, Zhuoyuan and Wu, Ying},
	Booktitle = {European Conference on Computer Vision},
	Publisher = {Springer},
	Title = {Robust 3d action recognition with random occupancy patterns},
	Year = {2012}}

@article{Ergodic,
	Author = {Konecby, Jakub and Hagara, Michal},
	Journal = {Journal of Machine Learning Research},
	Title = {One-Shot-Learning Gesture Recognition using HOG-HOF Features},
	Year = 2014}

@inproceedings{oreifej2013hon4d,
	Author = {Oreifej, Omar and Liu, Zicheng},
	Booktitle = {IEEE Conference on Computer Vision and Pattern Recognition},
	Title = {Hon4d: Histogram of oriented 4d normals for activity recognition from depth sequences},
	Year = {2013}}

@incollection{weinland2010making,
	Author = {Weinland, Daniel and {\"O}zuysal, Mustafa and Fua, Pascal},
	Booktitle = {European Conference on Computer Vision},
	Publisher = {Springer},
	Title = {Making action recognition robust to occlusions and viewpoint changes},
	Year = {2010}}

@inproceedings{klaser:inria-00514853,
	Author = {Klaser, Alexander and Marszalek, Marcin and Schmid, Cordelia},
	Booktitle = {British Machine Vision Conference},
	Title = {{A Spatio-Temporal Descriptor Based on 3D-Gradients}},
	Year = {2008}}

@inproceedings{wang2009evaluation,
	Author = {Wang, Heng and Ullah, Muhammad Muneeb and Klaser, Alexander and Laptev, Ivan and Schmid, Cordelia and others},
	Booktitle = {British Machine Vision Conference},
	Title = {Evaluation of local spatio-temporal features for action recognition},
	Year = {2009}}

@inproceedings{dollar2005behavior,
	Author = {Doll{\'a}r, Piotr and Rabaud, Vincent and Cottrell, Garrison and Belongie, Serge},
	Booktitle = {Visual Surveillance and Performance Evaluation of Tracking and Surveillance},
	Organization = {IEEE},
	Title = {Behavior recognition via sparse spatio-temporal features},
	Year = {2005}}

@inproceedings{hession3d,
	Author = {Willems, G. and Tuytelaars, T. , and Gool, L. Van},
	Booktitle = {European Conference on Computer Vision},
	Publisher = {Springer},
	Title = {An efficient dense and scale-invariant spatio-temporal interest point detector},
	Year = {2008}}

@incollection{bay2006surf,
	Author = {Bay, Herbert and Tuytelaars, Tinne and Van Gool, Luc},
	Booktitle = {European Conference on Computer Vision},
	Publisher = {Springer},
	Title = {SURF: Speeded up robust features},
	Year = {2006}}

@article{laptev2005space,
	Author = {Laptev, Ivan},
	Journal = {International Journal of Computer Vision},
	Publisher = {Springer},
	Title = {On space-time interest points},
	Year = {2005}}

@incollection{taylor2010convolutional,
	Author = {Taylor, Graham W and Fergus, Rob and LeCun, Yann and Bregler, Christoph},
	Booktitle = {European Conference on Computer Vision},
	Publisher = {Springer},
	Title = {Convolutional learning of spatio-temporal features}}

@inproceedings{le2011learning,
	Author = {Le, Quoc V and Zou, Will Y and Yeung, Serena Y and Ng, Andrew Y},
	Booktitle = {IEEE Conference on Computer Vision and Pattern Recognition},
	Title = {Learning hierarchical invariant spatio-temporal features for action recognition with independent subspace analysis},
	Year = {2011}}

@article{mohamed2012acoustic,
	Author = {Mohamed, Abdelrahman and Dahl, George E and Hinton, Geoffrey},
	Journal = {Audio, Speech, and Language Processing, IEEE Transactions on},
	Title = {Acoustic modeling using deep belief networks},
	Year = {2012}}

@inproceedings{scovanner20073,
	Author = {Scovanner, Paul and Ali, Saad and Shah, Mubarak},
	Booktitle = {International Conference on Multimedia},
	Organization = {ACM},
	Title = {A 3-dimensional sift descriptor and its application to action recognition},
	Year = {2007}}

@incollection{willems2008efficient,
	Author = {Willems, Geert and Tuytelaars, Tinne and Van Gool, Luc},
	Booktitle = {European Conference on Computer Vision},
	Publisher = {Springer},
	Title = {An efficient dense and scale-invariant spatio-temporal interest point detector},
	Year = {2008}}

@article{hinton2006reducing,
	Author = {Hinton, Geoffrey E and Salakhutdinov, Ruslan R},
	Journal = {Science},
	Title = {Reducing the dimensionality of data with neural networks},
	Year = {2006}}

@incollection{neal1998view,
	Author = {Neal, Radford M and Hinton, Geoffrey E},
	Booktitle = {Learning in graphical models},
	Publisher = {Springer},
	Title = {A view of the EM algorithm that justifies incremental, sparse, and other variants},
	Year = {1998}}

@incollection{lv2006recognition,
	Author = {Lv, Fengjun and Nevatia, Ramakant},
	Booktitle = {European Conference on Computer Vision},
	Publisher = {Springer},
	Title = {Recognition and segmentation of 3-d human action using hmm and multi-class adaboost},
	Year = {2006}}

@inproceedings{yang2012eigenjoints,
	Author = {Yang, Xiaodong and Tian, YingLi},
	Booktitle = {IEEE Conference on Computer Vision and Pattern Recognition Workshops},
	Title = {Eigenjoints-based action recognition using naive-bayes-nearest-neighbor},
	Year = {2012}}

@inproceedings{wang2012mining,
	Author = {Wang, Jiang and Liu, Zicheng and Wu, Ying and Yuan, Junsong},
	Booktitle = {IEEE Conference on Computer Vision and Pattern Recognition},
	Title = {Mining actionlet ensemble for action recognition with depth cameras},
	Year = {2012}}

@inproceedings{jamie,
	Author = {Jamie Shotton and Andrew Fitzgibbon and Mat Cook and Toby Sharp and Mark Finocchio and Richard Moore and Alex Kipman and Andrew Blake},
	Booktitle = {IEEE Conference on Computer Vision and Pattern Recognition},
	Title = {Real-Time Human Pose Recognition in Parts from a Single Depth Image},
	Year = {2011}}

@inproceedings{ICMI,
	Booktitle = {ACM ChaLearn Multi-Modal Gesture Recognition Grand Challenge and Workshop},
	Title = {Multi-modal gesture recognition challenge 2013: Dataset and results.},
	Url = {http://gesture.chalearn.org/},
	Year = {2013},
	Bdsk-Url-1 = {http://gesture.chalearn.org/}}

@inproceedings{weinland2007action,
	Author = {Weinland, Daniel and Boyer, Edmond and Ronfard, Remi},
	Booktitle = {IEEE Conference on International Conference on Computer Vision},
	Title = {Action recognition from arbitrary views using 3d exemplars},
	Year = {2007}}

@inproceedings{chaudhry2013bio,
	Author = {Chaudhry, Rizwan and Ofli, Ferda and Kurillo, Gregorij and Bajcsy, Ruzena and Vidal, Ren{\'e}},
	Booktitle = {IEEE Conference on Computer Vision and Pattern Recognition Workshops},
	Title = {Bio-inspired Dynamic 3D Discriminative Skeletal Features for Human Action Recognition},
	Year = {2013}}

@article{ofli2013sequence,
	Author = {Ofli, Ferda and Chaudhry, Rizwan and Kurillo, Gregorij and Vidal, Ren{\'e} and Bajcsy, Ruzena},
	Journal = {Journal of Visual Communication and Image Representation},
	Publisher = {Elsevier},
	Title = {Sequence of the most informative joints (SMIJ): A new representation for human skeletal action recognition},
	Year = {2013}}

@article{hinton2012improving,
	Author = {Hinton, Geoffrey E and Srivastava, Nitish and Krizhevsky, Alex and Sutskever, Ilya and Salakhutdinov, Ruslan R},
	Journal = {arXiv preprint arXiv:1207.0580},
	Title = {Improving neural networks by preventing co-adaptation of feature detectors},
	Year = {2012}}

@inproceedings{muller2006motion,
	Author = {M{\"u}ller, Meinard and R{\"o}der, Tido},
	Booktitle = {SIGGRAPH/Eurographics symposium on Computer animation},
	Organization = {Eurographics Association},
	Title = {Motion templates for automatic classification and retrieval of motion capture data},
	Year = {2006}}

@article{mohamed2012acoustic,
	Author = {Mohamed, Abdelrahman and Dahl, George E and Hinton, Geoffrey},
	Journal = {IEEE Transactions on Audio, Speech, and Language Processing},
	Title = {Acoustic modeling using deep belief networks},
	Year = {2012}}

@inproceedings{do2010neural,
	Author = {Do, Trinh and Arti, Thierry and others},
	Booktitle = {International Conference on Artificial Intelligence and Statistics},
	Title = {Neural conditional random fields},
	Year = {2010}}

@article{hinton2002training,
	Author = {Hinton, Geoffrey E},
	Journal = {Neural computation},
	Publisher = {MIT Press},
	Title = {Training products of experts by minimizing contrastive divergence},
	Year = {2002}}

@article{han2013enhanced,
	Author = {Han, Jungong and Shao, Ling and Xu, Dong and Shotton, Jamie},
	Journal = {IEEE Transactions on Cybernetics},
	Title = {Enhanced Computer Vision with Microsoft Kinect Sensor: A review},
	Year = {2013}}

@article{yao2012coupled,
	Author = {Yao, Angela and Gall, Juergen and Van Gool, Luc},
	Journal = {International journal of computer vision},
	Publisher = {Springer},
	Title = {Coupled action recognition and pose estimation from multiple views},
	Year = {2012}}

@techreport{nowozin2012action,
	Author = {Nowozin, Sebastian and Shotton, Jamie},
	Title = {Action Points: A Representation for Low-latency Online Human Action Recognition},
	Year = {2012}}

@incollection{neal1998view,
	Author = {Neal, Radford M and Hinton, Geoffrey E},
	Booktitle = {Learning in graphical models},
	Publisher = {Springer},
	Title = {A view of the EM algorithm that justifies incremental, sparse, and other variants},
	Year = {1998}}

@book{bishop2006pattern,
	Author = {Bishop, Christopher},
	Publisher = {Springer},
	Title = {Pattern recognition and machine learning},
	Year = {2006}}

@article{hinton2006reducing,
	Author = {Hinton, Geoffrey E and Salakhutdinov, Ruslan R},
	Journal = {Science},
	Title = {Reducing the dimensionality of data with neural networks},
	Year = {2006}}

@inproceedings{taylor2006modeling,
	Author = {Taylor, Graham W and Hinton, Geoffrey E and Roweis, Sam T},
	Booktitle = {Advances in neural information processing systems},
	Title = {Modeling human motion using binary latent variables},
	Year = {2006}}

@article{hofmann2008kernel,
	Author = {Hofmann, Thomas and Sch{\"o}lkopf, Bernhard and Smola, Alexander J},
	Journal = {The annals of statistics},
	Publisher = {JSTOR},
	Title = {Kernel methods in machine learning},
	Year = {2008}}

@article{hinton2006fast,
	Author = {Hinton, Geoffrey E and Osindero, Simon and Teh, Yee-Whye},
	Journal = {Neural computation},
	Publisher = {MIT Press},
	Title = {A fast learning algorithm for deep belief nets},
	Year = {2006}}

@inproceedings{lawrence2004gaussian,
	Author = {Lawrence, Dr Neil},
	Booktitle = {Advances in Neural Information Processing Systems},
	Title = {Gaussian process models for visualisation of high dimensional data},
	Year = {2004}}

@inproceedings{fothergill2012instructing,
	Author = {Simon Fothergill and Helena M. Mentis and Pushmeet Kohli and Sebastian Nowozin},
	Booktitle = {ACM Computer Human Interaction},
	Title = {Instructing people for training gestural interactive systems},
	Year = {2012}}

@inproceedings{6751269,
	Author = {Lehrmann, A.M. and Gehler, P.V. and Nowozin, S.},
	Booktitle = {International Conference on Computer Vision},
	Title = {A Non-parametric Bayesian Network Prior of Human Pose},
	Year = {2013}}

@inproceedings{guyon2012chalearn,
	Author = {Guyon, Isabelle and Athitsos, Vassilis and Jangyodsuk, Pat and Hamner, Ben and Escalante, Hugo Jair},
	Booktitle = {IEEE Conference on Computer Vision and Pattern Recognition Workshops},
	Title = {Chalearn gesture challenge: Design and first results},
	Year = {2012}}

@inproceedings{torralba2011unbiased,
	Author = {Torralba, Antonio and Efros, Alexei A},
	Booktitle = {IEEE Conference on Computer Vision and Pattern Recognition},
	Title = {Unbiased look at dataset bias},
	Year = {2011}}

@book{murphy2012machine,
	Author = {Murphy, Kevin P},
	Publisher = {The MIT Press},
	Title = {Machine learning: a probabilistic perspective},
	Year = {2012}}

@inproceedings{wu2013fusing,
	Author = {Wu, Jiaxiang and Cheng, Jian and Zhao, Chaoyang and Lu, Hanqing},
	Booktitle = {ACM International Conference on Multimodal Interaction},
	Title = {Fusing multi-modal features for gesture recognition},
	Year = {2013}}

@inproceedings{boiman2008defense,
	Author = {Boiman, Oren and Shechtman, Eli and Irani, Michal},
	Booktitle = {IEEE Conference on Computer Vision and Pattern Recognition},
	Title = {In defense of nearest-neighbor based image classification},
	Year = {2008}}

@article{nowozin2012action,
	Author = {Nowozin, Sebastian and Shotton, Jamie},
	Title = {Action points: A representation for low-latency online human action recognition},
	Year = {2012}}

@inproceedings{li2010action,
	Author = {Li, Wanqing and Zhang, Zhengyou and Liu, Zicheng},
	Booktitle = {IEEE Conference on Computer Vision and Pattern Recognition Workshops},
	Title = {Action recognition based on a bag of 3d points},
	Year = {2010}}

@inproceedings{oreifej2013hon4d,
	Author = {Oreifej, Omar and Liu, Zicheng and Redmond, WA},
	Booktitle = {IEEE Conference on Computer Vision and Pattern Recognition},
	Title = {HON4D: Histogram of oriented 4D normals for activity recognition from depth sequences},
	Year = {2013}}

@inproceedings{martens2011learning,
	Author = {Martens, James and Sutskever, Ilya},
	Booktitle = {International Conference on Machine Learning},
	Title = {Learning recurrent neural networks with Hessian-free optimization},
	Year = {2011}}

@inproceedings{muller2009efficient,
	Author = {M{\"u}ller, Meinard and Baak, Andreas and Seidel, Hans-Peter},
	Booktitle = {ACM SIGGRAPH/Eurographics Symposium on Computer Animation},
	Title = {Efficient and robust annotation of motion capture data}}

@article{ellis2013exploring,
	Author = {Ellis, Chris and Masood, Syed Zain and Tappen, Marshall F and LaViola Jr, Joseph J and Sukthankar, Rahul},
	Journal = {International Journal of Computer Vision},
	Publisher = {Springer},
	Title = {Exploring the trade-off between accuracy and observational latency in action recognition},
	Year = {2013}}

@inproceedings{zhao2013online,
	Author = {Zhao, Xin and Li, Xue and Pang, Chaoyi and Zhu, Xiaofeng and Sheng, Quan Z},
	Booktitle = {ACM International conference on Multimedia},
	Title = {Online human gesture recognition from motion data streams},
	Year = {2013}}

@article{bengio2007greedy,
	Author = {Bengio, Yoshua and Lamblin, Pascal and Popovici, Dan and Larochelle, Hugo and others},
	Journal = {Advances in neural information processing systems},
	Pages = {153},
	Publisher = {MIT; 1998},
	Title = {Greedy layer-wise training of deep networks},
	Volume = {19},
	Year = {2007}}

@incollection{lv2006recognition,
	Author = {Lv, Fengjun and Nevatia, Ramakant},
	Booktitle = {European Conference on Computer Vision},
	Publisher = {Springer},
	Title = {Recognition and segmentation of 3-d human action using hmm and multi-class adaboost},
	Year = {2006}}

@inproceedings{yang2012eigenjoints,
	Author = {Yang, Xiaodong and Tian, YingLi},
	Booktitle = {IEEE Conference on Computer Vision and Pattern Recognition Workshops},
	Title = {Eigenjoints-based action recognition using naive-bayes-nearest-neighbor},
	Year = {2012}}

@inproceedings{diwucvpr14,
	Author = {Wu, Di and Shao, Ling},
	Booktitle = {IEEE Conference on Computer Vision and Pattern Recognition},
	Title = {Leveraging Hierarchical Parametric Networks for Skeletal Joints Based Action Segmentation and Recognition},
	Year = {2014}}

@inproceedings{wang2012mining,
	Author = {Wang, Jiang and Liu, Zicheng and Wu, Ying and Yuan, Junsong},
	Booktitle = {IEEE Conference on Computer Vision and Pattern Recognition},
	Title = {Mining actionlet ensemble for action recognition with depth cameras},
	Year = {2012}}

@inproceedings{ICMI,
	Booktitle = {ACM ChaLearn Multi-Modal Gesture Recognition Grand Challenge and Workshop},
	Title = {Multi-modal gesture recognition challenge 2013: Dataset and results.},
	Url = {http://gesture.chalearn.org/},
	Year = {2013},
	Bdsk-Url-1 = {http://gesture.chalearn.org/}}

@inproceedings{weinland2007action,
	Author = {Weinland, Daniel and Boyer, Edmond and Ronfard, Remi},
	Booktitle = {IEEE Conference on International Conference on Computer Vision},
	Title = {Action recognition from arbitrary views using 3d exemplars},
	Year = {2007}}

@inproceedings{chaudhry2013bio,
	Author = {Chaudhry, Rizwan and Ofli, Ferda and Kurillo, Gregorij and Bajcsy, Ruzena and Vidal, Ren{\'e}},
	Booktitle = {IEEE Conference on Computer Vision and Pattern Recognition Workshops},
	Title = {Bio-inspired Dynamic 3D Discriminative Skeletal Features for Human Action Recognition},
	Year = {2013}}

@article{ofli2013sequence,
	Author = {Ofli, Ferda and Chaudhry, Rizwan and Kurillo, Gregorij and Vidal, Ren{\'e} and Bajcsy, Ruzena},
	Journal = {Journal of Visual Communication and Image Representation},
	Publisher = {Elsevier},
	Title = {Sequence of the most informative joints (SMIJ): A new representation for human skeletal action recognition},
	Year = {2013}}

@article{hinton2012improving,
	Author = {Hinton, Geoffrey E and Srivastava, Nitish and Krizhevsky, Alex and Sutskever, Ilya and Salakhutdinov, Ruslan R},
	Journal = {arXiv preprint arXiv:1207.0580},
	Title = {Improving neural networks by preventing co-adaptation of feature detectors},
	Year = {2012}}

@inproceedings{muller2006motion,
	Author = {M{\"u}ller, Meinard and R{\"o}der, Tido},
	Booktitle = {SIGGRAPH/Eurographics symposium on Computer animation},
	Organization = {Eurographics Association},
	Title = {Motion templates for automatic classification and retrieval of motion capture data},
	Year = {2006}}

@article{mohamed2012acoustic,
	Author = {Mohamed, Abdelrahman and Dahl, George E and Hinton, Geoffrey},
	Journal = {IEEE Transactions on Audio, Speech, and Language Processing},
	Title = {Acoustic modeling using deep belief networks},
	Year = {2012}}

@inproceedings{do2010neural,
	Author = {Do, Trinh and Arti, Thierry and others},
	Booktitle = {International Conference on Artificial Intelligence and Statistics},
	Title = {Neural conditional random fields},
	Year = {2010}}

@article{hinton2002training,
	Author = {Hinton, Geoffrey E},
	Journal = {Neural computation},
	Publisher = {MIT Press},
	Title = {Training products of experts by minimizing contrastive divergence},
	Year = {2002}}

@article{yao2012coupled,
	Author = {Yao, Angela and Gall, Juergen and Van Gool, Luc},
	Journal = {International journal of computer vision},
	Publisher = {Springer},
	Title = {Coupled action recognition and pose estimation from multiple views},
	Year = {2012}}

@techreport{nowozin2012action,
	Author = {Nowozin, Sebastian and Shotton, Jamie},
	Title = {Action Points: A Representation for Low-latency Online Human Action Recognition},
	Year = {2012}}

@incollection{neal1998view,
	Author = {Neal, Radford M and Hinton, Geoffrey E},
	Booktitle = {Learning in graphical models},
	Publisher = {Springer},
	Title = {A view of the EM algorithm that justifies incremental, sparse, and other variants},
	Year = {1998}}

@book{bishop2006pattern,
	Author = {Bishop, Christopher},
	Publisher = {Springer},
	Title = {Pattern recognition and machine learning},
	Year = {2006}}

@article{hinton2006reducing,
	Author = {Hinton, Geoffrey E and Salakhutdinov, Ruslan R},
	Journal = {Science},
	Title = {Reducing the dimensionality of data with neural networks},
	Year = {2006}}

@misc{Bastien-Theano-2012,
	Author = {Bastien, Fredric and Lamblin, Pascal and Pascanu, Razvan and Bergstra, James and Goodfellow, Ian J. and Bergeron, Arnaud and Bouchard, Nicolas and Bengio, Yoshua},
	Howpublished = {Deep Learning and Unsupervised Feature Learning NIPS 2012 Workshop},
	Title = {Theano: new features and speed improvements},
	Year = {2012}}

@inproceedings{taylor2006modeling,
	Author = {Taylor, Graham W and Hinton, Geoffrey E and Roweis, Sam T},
	Booktitle = {Advances in neural information processing systems},
	Title = {Modeling human motion using binary latent variables},
	Year = {2006}}

@article{hofmann2008kernel,
	Author = {Hofmann, Thomas and Sch{\"o}lkopf, Bernhard and Smola, Alexander J},
	Journal = {The annals of statistics},
	Publisher = {JSTOR},
	Title = {Kernel methods in machine learning},
	Year = {2008}}

@article{hinton2006fast,
	Author = {Hinton, Geoffrey E and Osindero, Simon and Teh, Yee-Whye},
	Journal = {Neural computation},
	Publisher = {MIT Press},
	Title = {A fast learning algorithm for deep belief nets},
	Year = {2006}}

@inproceedings{lawrence2004gaussian,
	Author = {Lawrence, Dr Neil},
	Booktitle = {Advances in Neural Information Processing Systems},
	Title = {Gaussian process models for visualisation of high dimensional data},
	Year = {2004}}

@inproceedings{fothergill2012instructing,
	Author = {Simon Fothergill and Helena M. Mentis and Pushmeet Kohli and Sebastian Nowozin},
	Booktitle = {ACM CHI},
	Title = {Instructing people for training gestural interactive systems},
	Year = {2012}}

@inproceedings{6751269,
	Author = {Lehrmann, A.M. and Gehler, P.V. and Nowozin, S.},
	Booktitle = {IEEE Conference on International Conference on Computer Vision},
	Title = {A Non-parametric Bayesian Network Prior of Human Pose},
	Year = {2013}}

@inproceedings{guyon2012chalearn,
	Author = {Guyon, Isabelle and Athitsos, Vassilis and Jangyodsuk, Pat and Hamner, Ben and Escalante, Hugo Jair},
	Booktitle = {IEEE Conference on Computer Vision and Pattern Recognition Workshops},
	Title = {Chalearn gesture challenge: Design and first results},
	Year = {2012}}

@inproceedings{torralba2011unbiased,
	Author = {Torralba, Antonio and Efros, Alexei A},
	Booktitle = {IEEE Conference on Computer Vision and Pattern Recognition},
	Title = {Unbiased look at dataset bias},
	Year = {2011}}

@book{murphy2012machine,
	Author = {Murphy, Kevin P},
	Publisher = {The MIT Press},
	Title = {Machine learning: a probabilistic perspective},
	Year = {2012}}

@inproceedings{wu2013fusing,
	Author = {Wu, Jiaxiang and Cheng, Jian and Zhao, Chaoyang and Lu, Hanqing},
	Booktitle = {ACM International Conference on Multimodal Interaction},
	Title = {Fusing multi-modal features for gesture recognition},
	Year = {2013}}

@inproceedings{boiman2008defense,
	Author = {Boiman, Oren and Shechtman, Eli and Irani, Michal},
	Booktitle = {IEEE Conference on Computer Vision and Pattern Recognition},
	Title = {In defense of nearest-neighbor based image classification},
	Year = {2008}}

@inproceedings{li2010action,
	Author = {Li, Wanqing and Zhang, Zhengyou and Liu, Zicheng},
	Booktitle = {IEEE Conference on Computer Vision and Pattern Recognition Workshops},
	Title = {Action recognition based on a bag of 3d points},
	Year = {2010}}

@inproceedings{oreifej2013hon4d,
	Author = {Oreifej, Omar and Liu, Zicheng and Redmond, WA},
	Booktitle = {IEEE Conference on Computer Vision and Pattern Recognition},
	Title = {HON4D: Histogram of oriented 4D normals for activity recognition from depth sequences},
	Year = {2013}}

@inproceedings{martens2011learning,
	Author = {Martens, James and Sutskever, Ilya},
	Booktitle = {International Conference on Machine Learning},
	Title = {Learning recurrent neural networks with Hessian-free optimization},
	Year = {2011}}

@inproceedings{muller2009efficient,
	Author = {M{\"u}ller, Meinard and Baak, Andreas and Seidel, Hans-Peter},
	Booktitle = {ACM SIGGRAPH/Eurographics Symposium on Computer Animation},
	Title = {Efficient and robust annotation of motion capture data}}

@article{ellis2013exploring,
	Author = {Ellis, Chris and Masood, Syed Zain and Tappen, Marshall F and LaViola Jr, Joseph J and Sukthankar, Rahul},
	Journal = {International Journal of Computer Vision},
	Publisher = {Springer},
	Title = {Exploring the trade-off between accuracy and observational latency in action recognition},
	Year = {2013}}

@inproceedings{zhao2013online,
	Author = {Zhao, Xin and Li, Xue and Pang, Chaoyi and Zhu, Xiaofeng and Sheng, Quan Z},
	Booktitle = {ACM International conference on Multimedia},
	Title = {Online human gesture recognition from motion data streams},
	Year = {2013}}

@inproceedings{diwucvpr2014,
	Author = {Di Wu and Ling Shao},
	Booktitle = {IEEE Conference on Computer Vision and Pattern Recognition},
	Title = {Leveraging Hierarchical Parametric Network for Skeletal Joints Action Segmentation and Recognition},
	Year = {2014}}

@inproceedings{wang2009evaluation,
	Author = {Wang, Heng and Ullah, Muhammad Muneeb and Klaser, Alexander and Laptev, Ivan and Schmid, Cordelia and others},
	Booktitle = {British Machine Vision Conference},
	Title = {Evaluation of local spatio-temporal features for action recognition},
	Year = {2009}}

@inproceedings{wang2011action,
	Author = {Wang, Heng and Klaser, Alexander and Schmid, Cordelia and Liu, Cheng-Lin},
	Booktitle = {IEEE Conference on Computer Vision and Pattern Recognition},
	Title = {Action recognition by dense trajectories}}

@inproceedings{wang2013action,
	Author = {Wang, Heng and Schmid, Cordelia},
	Booktitle = {IEEE Conference on International Conference on Computer Vision},
	Title = {Action recognition with improved trajectories},
	Year = {2013}}

@article{wang2013dense,
	Author = {Wang, Heng and Kl{\"a}ser, Alexander and Schmid, Cordelia and Liu, Cheng-Lin},
	Journal = {International Journal of Computer Vision},
	Publisher = {Springer},
	Title = {Dense trajectories and motion boundary descriptors for action recognition},
	Year = {2013}}

@article{hinton2006fast,
	Author = {Hinton, Geoffrey E and Osindero, Simon and Teh, Yee-Whye},
	Journal = {Neural computation},
	Publisher = {MIT Press},
	Title = {A fast learning algorithm for deep belief nets},
	Year = {2006}}

@inproceedings{krizhevsky2012imagenet,
	Author = {Krizhevsky, Alex and Sutskever, Ilya and Hinton, Geoffrey E},
	Booktitle = {Neural Information Processing Systems},
	Title = {ImageNet Classification with Deep Convolutional Neural Networks},
	Year = {2012}}

@inproceedings{ciresan2012multi,
	Author = {Ciresan, Dan and Meier, Ueli and Schmidhuber, J{\"u}rgen},
	Booktitle = {IEEE Conference on Computer Vision and Pattern Recognition},
	Title = {Multi-column deep neural networks for image classification},
	Year = {2012}}

@article{ji20133d,
	Author = {Ji, Shuiwang and Xu, Wei and Yang, Ming and Yu, Kai},
	Journal = {IEEE Transactions on Pattern Analysis and Machine Intelligence},
	Title = {3D convolutional neural networks for human action recognition},
	Year = {2013}}

@inproceedings{3dcnn,
	Author = {Shuiwang Ji, Wei Xu, Ming Yang and Kai Yu},
	Booktitle = {International Conference on Machine Learning},
	Publisher = {IEEE},
	Title = {3D Convolutional Neural Networks for Human Action Recognition},
	Year = {2010}}

@ainproceedingscle{LeNet,
	Author = {LeCun, Y. and Bottou, L. and Bengio, Y. and Haffner, P.},
	Publisher = {IEEE},
	Title = {Gradient-based learning applied to document recognition},
	Year = {1998}}

@incollection{taylor2010convolutional,
	Author = {Taylor, Graham W and Fergus, Rob and LeCun, Yann and Bregler, Christoph},
	Booktitle = {European Conference on Computer Vision},
	Publisher = {Springer},
	Title = {Convolutional learning of spatio-temporal features},
	Year = {2010}}

@inproceedings{srivastava2012multimodal,
	Author = {Srivastava, Nitish and Salakhutdinov, Ruslan},
	Booktitle = {Neural Information Processing Systems},
	Title = {Multimodal Learning with Deep Boltzmann Machines.},
	Year = {2012}}

@inproceedings{ngiam2011multimodal,
	Author = {Ngiam, Jiquan and Khosla, Aditya and Kim, Mingyu and Nam, Juhan and Lee, Honglak and Ng, Andrew Y},
	Booktitle = {International Conference on Machine Learning},
	Title = {Multimodal deep learning},
	Year = {2011}}

@article{matthews2002extraction,
	Author = {Matthews, Iain and Cootes, Timothy F and Bangham, J Andrew and Cox, Stephen and Harvey, Richard},
	Journal = {IEEE Transactions on Pattern Analysis and Machine Intelligence},
	Title = {Extraction of visual features for lipreading},
	Year = {2002}}

@article{zhao2009lipreading,
	Author = {Zhao, Guoying and Barnard, Mark and Pietikainen, Matti},
	Journal = {IEEE Transactions on Multimedia},
	Title = {Lipreading with local spatiotemporal descriptors},
	Year = {2009}}

@inproceedings{baccouche2005spatio,
	Author = {Baccouche, Moez and Mamalet, Franck and Wolf, Christian and Garcia, Christophe and Baskurt, Atilla},
	Booktitle = {British Machine Vision Conference},
	Title = {Spatio-Temporal Convolutional Sparse Auto-Encoder for Sequence Classification},
	Year = {2012}}

@incollection{wang2012robust,
	Author = {Wang, Jiang and Liu, Zicheng and Chorowski, Jan and Chen, Zhuoyuan and Wu, Ying},
	Booktitle = {European Conference on Computer Vision},
	Publisher = {Springer},
	Title = {Robust 3d action recognition with random occupancy patterns},
	Year = {2012}}

@inproceedings{CRF2001,
	Author = {Lafferty, John and McCallum, Andrew and Pereira, Fernado},
	Booktitle = {International Conference on Machine Learning},
	Title = {Conditional Random Fields: Probabilistic Models for Segmenting and Labeling Sequence Data},
	Year = {2001}}

@book{koller2009probabilistic,
	Author = {Koller, Daphne and Friedman, Nir},
	Publisher = {MIT press},
	Title = {Probabilistic graphical models: principles and techniques},
	Year = {2009}}

@book{bishop2006pattern,
	Author = {Bishop, Christopher},
	Publisher = {Springer},
	Title = {Pattern recognition and machine learning},
	Year = {2006}}

@inproceedings{wu2014multimodal,
	Author = {Wu, Di and Shao, Ling},
	Booktitle = {Proceedings of the ACM International Conference on Multimedia},
	Organization = {ACM},
	Pages = {945--948},
	Title = {Multimodal dynamic networks for gesture recognition},
	Year = {2014}}

@article{simonyan2014very,
	Author = {Simonyan, Karen and Zisserman, Andrew},
	Journal = {arXiv preprint arXiv:1409.1556},
	Title = {Very deep convolutional networks for large-scale image recognition},
	Year = {2014}}

@article{Mooij_libDAI_10,
	Author = {Joris M. Mooij},
	Journal = {Journal of Machine Learning Research},
	Title = {lib{DAI}: A Free and Open Source {C++} Library for Discrete Approximate Inference in Graphical Models},
	Url = {http://www.jmlr.org/papers/volume11/mooij10a/mooij10a.pdf},
	Year = 2010,
	Bdsk-Url-1 = {http://www.jmlr.org/papers/volume11/mooij10a/mooij10a.pdf}}

@incollection{masci2011stacked,
	Author = {Masci, Jonathan and Meier, Ueli and Cire{\c{s}}an, Dan and Schmidhuber, J{\"u}rgen},
	Booktitle = {Artificial Neural Networks and Machine Learning},
	Publisher = {Springer},
	Title = {Stacked convolutional auto-encoders for hierarchical feature extraction},
	Year = {2011}}

@incollection{wang2012robust,
	Author = {Wang, Jiang and Liu, Zicheng and Chorowski, Jan and Chen, Zhuoyuan and Wu, Ying},
	Booktitle = {European Conference on Computer Vision},
	Publisher = {Springer},
	Title = {Robust 3d action recognition with random occupancy patterns},
	Year = {2012}}

@article{Ergodic,
	Author = {Konecby, Jakub and Hagara, Michal},
	Journal = {Journal of Machine Learning Research},
	Title = {One-Shot-Learning Gesture Recognition using HOG-HOF Features},
	Year = 2014}

@inproceedings{oreifej2013hon4d,
	Author = {Oreifej, Omar and Liu, Zicheng},
	Booktitle = {IEEE Conference on Computer Vision and Pattern Recognition},
	Title = {Hon4d: Histogram of oriented 4d normals for activity recognition from depth sequences},
	Year = {2013}}

@incollection{weinland2010making,
	Author = {Weinland, Daniel and {\"O}zuysal, Mustafa and Fua, Pascal},
	Booktitle = {European Conference on Computer Vision},
	Publisher = {Springer},
	Title = {Making action recognition robust to occlusions and viewpoint changes},
	Year = {2010}}

@inproceedings{klaser:inria-00514853,
	Author = {Klaser, Alexander and Marszalek, Marcin and Schmid, Cordelia},
	Booktitle = {British Machine Vision Conference},
	Title = {{A Spatio-Temporal Descriptor Based on 3D-Gradients}},
	Year = {2008}}

@inproceedings{wang2009evaluation,
	Author = {Wang, Heng and Ullah, Muhammad Muneeb and Klaser, Alexander and Laptev, Ivan and Schmid, Cordelia and others},
	Booktitle = {British Machine Vision Conference},
	Title = {Evaluation of local spatio-temporal features for action recognition},
	Year = {2009}}

@inproceedings{dollar2005behavior,
	Author = {Doll{\'a}r, Piotr and Rabaud, Vincent and Cottrell, Garrison and Belongie, Serge},
	Booktitle = {Visual Surveillance and Performance Evaluation of Tracking and Surveillance},
	Organization = {IEEE},
	Title = {Behavior recognition via sparse spatio-temporal features},
	Year = {2005}}

@inproceedings{hession3d,
	Author = {Willems, G. and Tuytelaars, T. , and Gool, L. Van},
	Booktitle = {European Conference on Computer Vision},
	Publisher = {Springer},
	Title = {An efficient dense and scale-invariant spatio-temporal interest point detector},
	Year = {2008}}

@incollection{bay2006surf,
	Author = {Bay, Herbert and Tuytelaars, Tinne and Van Gool, Luc},
	Booktitle = {European Conference on Computer Vision},
	Publisher = {Springer},
	Title = {SURF: Speeded up robust features},
	Year = {2006}}

@article{laptev2005space,
	Author = {Laptev, Ivan},
	Journal = {International Journal of Computer Vision},
	Publisher = {Springer},
	Title = {On space-time interest points},
	Year = {2005}}

@incollection{taylor2010convolutional,
	Author = {Taylor, Graham W and Fergus, Rob and LeCun, Yann and Bregler, Christoph},
	Booktitle = {European Conference on Computer Vision},
	Publisher = {Springer},
	Title = {Convolutional learning of spatio-temporal features}}

@inproceedings{le2011learning,
	Author = {Le, Quoc V and Zou, Will Y and Yeung, Serena Y and Ng, Andrew Y},
	Booktitle = {IEEE Conference on Computer Vision and Pattern Recognition},
	Title = {Learning hierarchical invariant spatio-temporal features for action recognition with independent subspace analysis},
	Year = {2011}}

@article{mohamed2012acoustic,
	Author = {Mohamed, Abdelrahman and Dahl, George E and Hinton, Geoffrey},
	Journal = {Audio, Speech, and Language Processing, IEEE Transactions on},
	Title = {Acoustic modeling using deep belief networks},
	Year = {2012}}

@inproceedings{scovanner20073,
	Author = {Scovanner, Paul and Ali, Saad and Shah, Mubarak},
	Booktitle = {ACM International Conference on Multimedia},
	Title = {A 3-dimensional sift descriptor and its application to action recognition},
	Year = {2007}}

@incollection{willems2008efficient,
	Author = {Willems, Geert and Tuytelaars, Tinne and Van Gool, Luc},
	Booktitle = {European Conference on Computer Vision},
	Publisher = {Springer},
	Title = {An efficient dense and scale-invariant spatio-temporal interest point detector},
	Year = {2008}}

@article{zeiler2013visualizing,
	Author = {Zeiler, Matthew D and Fergus, Rob},
	Journal = {arXiv preprint arXiv:1311.2901},
	Title = {Visualizing and understanding convolutional neural networks},
	Year = {2013}}

@article{schmidhuber2014deep,
	Author = {Schmidhuber, J{\"u}rgen},
	Journal = {arXiv preprint arXiv:1404.7828},
	Title = {Deep Learning in Neural Networks: An Overview},
	Year = {2014}}

@inproceedings{Karpathy_2014_CVPR,
	Author = {Andrej Karpathy and George Toderici and Sanketh Shetty and Thomas Leung and Rahul Sukthankar and Li Fei-Fei},
	Booktitle = {The IEEE Conference on Computer Vision and Pattern Recognition (CVPR)},
	Month = {June},
	Title = {Large-scale Video Classification with Convolutional Neural Networks},
	Year = {2014}}

@inproceedings{pascanu2013construct,
	Author = {Pascanu, Razvan and Gulcehre, Caglar and Cho, Kyunghyun and Bengio, Yoshua},
	Booktitle = {International Conference on Machine Learning},
	Title = {How to Construct Deep Recurrent Neural Networks},
	Year = {2014}}

@inproceedings{DPP,
	Author = {Damianou, Andreas C. and Lawrence,Neil D.},
	Booktitle = {AISTATS},
	Title = {Deep Gaussian Processes},
	Year = {2013}}

@article{hochreiter1997long,
	Author = {Hochreiter, Sepp and Schmidhuber, J{\"u}rgen},
	Journal = {Neural computation},
	Number = {8},
	Pages = {1735--1780},
	Publisher = {MIT Press},
	Title = {Long short-term memory},
	Volume = {9},
	Year = {1997}}

@incollection{masci2011stacked,
	Author = {Masci, Jonathan and Meier, Ueli and Cire{\c{s}}an, Dan and Schmidhuber, J{\"u}rgen},
	Booktitle = {Artificial Neural Networks and Machine Learning--ICANN 2011},
	Pages = {52--59},
	Publisher = {Springer},
	Title = {Stacked convolutional auto-encoders for hierarchical feature extraction},
	Year = {2011}}

@inproceedings{shotton2011real,
	Author = {Shotton, J. and Fitzgibbon, A. and Cook, M. and Sharp, T. and Finocchio, M. and Moore, R. and Kipman, A. and Blake, A.},
	Booktitle = {IEEE Conference on Computer Vision and Pattern Recognition},
	Title = {Real-time human pose recognition in parts from single depth images},
	Year = {2011}}

@incollection{lv2006recognition,
	Author = {Lv, Fengjun and Nevatia, Ramakant},
	Booktitle = {European Conference on Computer Vision},
	Publisher = {Springer},
	Title = {Recognition and segmentation of 3-d human action using hmm and multi-class adaboost},
	Year = {2006}}

@inproceedings{yang2012eigenjoints,
	Author = {Yang, Xiaodong and Tian, YingLi},
	Booktitle = {IEEE Conference on Computer Vision and Pattern Recognition Workshops},
	Title = {Eigenjoints-based action recognition using naive-bayes-nearest-neighbor},
	Year = {2012}}

@inproceedings{diwucvpr14,
	Author = {Wu, Di and Shao, Ling},
	Booktitle = {IEEE Conference on Computer Vision and Pattern Recognition},
	Title = {Leveraging Hierarchical Parametric Networks for Skeletal Joints Based Action Segmentation and Recognition},
	Year = {2014}}

@inproceedings{wang2012mining,
	Author = {Wang, Jiang and Liu, Zicheng and Wu, Ying and Yuan, Junsong},
	Booktitle = {IEEE Conference on Computer Vision and Pattern Recognition},
	Title = {Mining actionlet ensemble for action recognition with depth cameras},
	Year = {2012}}

@inproceedings{jamie,
	Author = {Jamie Shotton and Andrew Fitzgibbon and Mat Cook and Toby Sharp and Mark Finocchio and Richard Moore and Alex Kipman and Andrew Blake},
	Booktitle = {IEEE Conference on Computer Vision and Pattern Recognition},
	Title = {Real-Time Human Pose Recognition in Parts from a Single Depth Image},
	Year = {2011}}

@inproceedings{ICMI,
	Booktitle = {ACM ChaLearn Multi-Modal Gesture Recognition Grand Challenge and Workshop},
	Title = {Multi-modal gesture recognition challenge 2013: Dataset and results.},
	Url = {http://gesture.chalearn.org/},
	Year = {2013},
	Bdsk-Url-1 = {http://gesture.chalearn.org/}}

@inproceedings{weinland2007action,
	Author = {Weinland, Daniel and Boyer, Edmond and Ronfard, Remi},
	Booktitle = {IEEE Conference on International Conference on Computer Vision},
	Title = {Action recognition from arbitrary views using 3d exemplars},
	Year = {2007}}

@inproceedings{chaudhry2013bio,
	Author = {Chaudhry, Rizwan and Ofli, Ferda and Kurillo, Gregorij and Bajcsy, Ruzena and Vidal, Ren{\'e}},
	Booktitle = {IEEE Conference on Computer Vision and Pattern Recognition Workshops},
	Title = {Bio-inspired Dynamic 3D Discriminative Skeletal Features for Human Action Recognition},
	Year = {2013}}

@article{ofli2013sequence,
	Author = {Ofli, Ferda and Chaudhry, Rizwan and Kurillo, Gregorij and Vidal, Ren{\'e} and Bajcsy, Ruzena},
	Journal = {Journal of Visual Communication and Image Representation},
	Publisher = {Elsevier},
	Title = {Sequence of the most informative joints (SMIJ): A new representation for human skeletal action recognition},
	Year = {2013}}

@article{hinton2012improving,
	Author = {Hinton, Geoffrey E and Srivastava, Nitish and Krizhevsky, Alex and Sutskever, Ilya and Salakhutdinov, Ruslan R},
	Journal = {arXiv preprint arXiv:1207.0580},
	Title = {Improving neural networks by preventing co-adaptation of feature detectors},
	Year = {2012}}

@inproceedings{muller2006motion,
	Author = {M{\"u}ller, Meinard and R{\"o}der, Tido},
	Booktitle = {SIGGRAPH/Eurographics symposium on Computer animation},
	Organization = {Eurographics Association},
	Title = {Motion templates for automatic classification and retrieval of motion capture data},
	Year = {2006}}

@article{mohamed2012acoustic,
	Author = {Mohamed, Abdelrahman and Dahl, George E and Hinton, Geoffrey},
	Journal = {IEEE Transactions on Audio, Speech, and Language Processing},
	Title = {Acoustic modeling using deep belief networks},
	Year = {2012}}

@inproceedings{do2010neural,
	Author = {Do, Trinh and Arti, Thierry and others},
	Booktitle = {International Conference on Artificial Intelligence and Statistics},
	Title = {Neural conditional random fields},
	Year = {2010}}

@article{hinton2002training,
	Author = {Hinton, Geoffrey E},
	Journal = {Neural computation},
	Publisher = {MIT Press},
	Title = {Training products of experts by minimizing contrastive divergence},
	Year = {2002}}

@article{yao2012coupled,
	Author = {Yao, Angela and Gall, Juergen and Van Gool, Luc},
	Journal = {International journal of computer vision},
	Publisher = {Springer},
	Title = {Coupled action recognition and pose estimation from multiple views},
	Year = {2012}}

@techreport{nowozin2012action,
	Author = {Nowozin, Sebastian and Shotton, Jamie},
	Title = {Action Points: A Representation for Low-latency Online Human Action Recognition},
	Year = {2012}}

@incollection{neal1998view,
	Author = {Neal, Radford M and Hinton, Geoffrey E},
	Booktitle = {Learning in graphical models},
	Publisher = {Springer},
	Title = {A view of the EM algorithm that justifies incremental, sparse, and other variants},
	Year = {1998}}

@inproceedings{wang2006hidden,
	Author = {Wang, Sy Bor and Quattoni, Ariadna and Morency, Louis-Philippe and Demirdjian, David and Darrell, Trevor},
	Booktitle = {Computer Vision and Pattern Recognition, 2006 IEEE Computer Society Conference on},
	Organization = {IEEE},
	Pages = {1521--1527},
	Title = {Hidden conditional random fields for gesture recognition},
	Volume = {2},
	Year = {2006}}

@book{bishop2006pattern,
	Author = {Bishop, Christopher},
	Publisher = {Springer},
	Title = {Pattern recognition and machine learning},
	Year = {2006}}

@article{hinton2006reducing,
	Author = {Hinton, Geoffrey E and Salakhutdinov, Ruslan R},
	Journal = {Science},
	Title = {Reducing the dimensionality of data with neural networks},
	Year = {2006}}

@inproceedings{taylor2006modeling,
	Author = {Taylor, Graham W and Hinton, Geoffrey E and Roweis, Sam T},
	Booktitle = {Advances in neural information processing systems},
	Title = {Modeling human motion using binary latent variables},
	Year = {2006}}

@article{hofmann2008kernel,
	Author = {Hofmann, Thomas and Sch{\"o}lkopf, Bernhard and Smola, Alexander J},
	Journal = {The annals of statistics},
	Publisher = {JSTOR},
	Title = {Kernel methods in machine learning},
	Year = {2008}}

@article{hinton2006fast,
	Author = {Hinton, Geoffrey E and Osindero, Simon and Teh, Yee-Whye},
	Journal = {Neural computation},
	Publisher = {MIT Press},
	Title = {A fast learning algorithm for deep belief nets},
	Year = {2006}}

@inproceedings{lawrence2004gaussian,
	Author = {Lawrence, Dr Neil},
	Booktitle = {Advances in Neural Information Processing Systems},
	Title = {Gaussian process models for visualisation of high dimensional data},
	Year = {2004}}

@inproceedings{fothergill2012instructing,
	Author = {Simon Fothergill and Helena M. Mentis and Pushmeet Kohli and Sebastian Nowozin},
	Booktitle = {ACM CHI},
	Title = {Instructing people for training gestural interactive systems},
	Year = {2012}}

@inproceedings{6751269,
	Author = {Lehrmann, A.M. and Gehler, P.V. and Nowozin, S.},
	Booktitle = {IEEE Conference on International Conference on Computer Vision},
	Title = {A Non-parametric Bayesian Network Prior of Human Pose},
	Year = {2013}}

@article{laptev2005space,
	Author = {Laptev, Ivan},
	Journal = {International Journal of Computer Vision},
	Number = {2-3},
	Pages = {107--123},
	Publisher = {Springer},
	Title = {On space-time interest points},
	Volume = {64},
	Year = {2005}}

@inproceedings{marszalek09,
	Author = {Marcin Marsza{\l}ek and Ivan Laptev and Cordelia Schmid},
	Booktitle = {IEEE Conference on Computer Vision \& Pattern Recognition},
	Title = {Actions in Context},
	Year = {2009}}

@inproceedings{Kuehne11,
	Author = {Kuehne, H. and Jhuang, H. and Garrote, E. and Poggio, T. and Serre, T.},
	Booktitle = {Proceedings of the International Conference on Computer Vision (ICCV)},
	Title = {{HMDB}: a large video database for human motion recognition},
	Year = {2011}}

@inproceedings{guyon2012chalearn,
	Author = {Guyon, Isabelle and Athitsos, Vassilis and Jangyodsuk, Pat and Hamner, Ben and Escalante, Hugo Jair},
	Booktitle = {IEEE Conference on Computer Vision and Pattern Recognition Workshops},
	Title = {Chalearn gesture challenge: Design and first results},
	Year = {2012}}

@inproceedings{torralba2011unbiased,
	Author = {Torralba, Antonio and Efros, Alexei A},
	Booktitle = {IEEE Conference on Computer Vision and Pattern Recognition},
	Title = {Unbiased look at dataset bias},
	Year = {2011}}

@book{murphy2012machine,
	Author = {Murphy, Kevin P},
	Publisher = {The MIT Press},
	Title = {Machine learning: a probabilistic perspective},
	Year = {2012}}

@inproceedings{wu2013fusing,
	Author = {Wu, Jiaxiang and Cheng, Jian and Zhao, Chaoyang and Lu, Hanqing},
	Booktitle = {ACM International Conference on Multimodal Interaction},
	Title = {Fusing multi-modal features for gesture recognition},
	Year = {2013}}

@inproceedings{boiman2008defense,
	Author = {Boiman, Oren and Shechtman, Eli and Irani, Michal},
	Booktitle = {IEEE Conference on Computer Vision and Pattern Recognition},
	Title = {In defense of nearest-neighbor based image classification},
	Year = {2008}}

@inproceedings{li2010action,
	Author = {Li, Wanqing and Zhang, Zhengyou and Liu, Zicheng},
	Booktitle = {IEEE Conference on Computer Vision and Pattern Recognition Workshops},
	Title = {Action recognition based on a bag of 3d points},
	Year = {2010}}

@inproceedings{oreifej2013hon4d,
	Author = {Oreifej, Omar and Liu, Zicheng and Redmond, WA},
	Booktitle = {IEEE Conference on Computer Vision and Pattern Recognition},
	Title = {HON4D: Histogram of oriented 4D normals for activity recognition from depth sequences},
	Year = {2013}}

@inproceedings{martens2011learning,
	Author = {Martens, James and Sutskever, Ilya},
	Booktitle = {International Conference on Machine Learning},
	Title = {Learning recurrent neural networks with Hessian-free optimization},
	Year = {2011}}

@inproceedings{muller2009efficient,
	Author = {M{\"u}ller, Meinard and Baak, Andreas and Seidel, Hans-Peter},
	Booktitle = {ACM SIGGRAPH/Eurographics Symposium on Computer Animation},
	Title = {Efficient and robust annotation of motion capture data}}

@article{ellis2013exploring,
	Author = {Ellis, Chris and Masood, Syed Zain and Tappen, Marshall F and LaViola Jr, Joseph J and Sukthankar, Rahul},
	Journal = {International Journal of Computer Vision},
	Publisher = {Springer},
	Title = {Exploring the trade-off between accuracy and observational latency in action recognition},
	Year = {2013}}

@inproceedings{zhao2013online,
	Author = {Zhao, Xin and Li, Xue and Pang, Chaoyi and Zhu, Xiaofeng and Sheng, Quan Z},
	Booktitle = {ACM International conference on Multimedia},
	Title = {Online human gesture recognition from motion data streams},
	Year = {2013}}

@inproceedings{diwucvpr2014,
	Author = {Di Wu and Ling Shao},
	Booktitle = {IEEE Conference on Computer Vision and Pattern Recognition},
	Title = {Leveraging Hierarchical Parametric Network for Skeletal Joints Action Segmentation and Recognition},
	Year = {2014}}

@inproceedings{wang2009evaluation,
	Author = {Wang, Heng and Ullah, Muhammad Muneeb and Klaser, Alexander and Laptev, Ivan and Schmid, Cordelia and others},
	Booktitle = {British Machine Vision Conference},
	Title = {Evaluation of local spatio-temporal features for action recognition},
	Year = {2009}}

@inproceedings{wang2011action,
	Author = {Wang, Heng and Klaser, Alexander and Schmid, Cordelia and Liu, Cheng-Lin},
	Booktitle = {IEEE Conference on Computer Vision and Pattern Recognition},
	Title = {Action recognition by dense trajectories}}

@inproceedings{wang2013action,
	Author = {Wang, Heng and Schmid, Cordelia},
	Booktitle = {IEEE Conference on International Conference on Computer Vision},
	Title = {Action recognition with improved trajectories},
	Year = {2013}}

@article{wang2013dense,
	Author = {Wang, Heng and Kl{\"a}ser, Alexander and Schmid, Cordelia and Liu, Cheng-Lin},
	Journal = {International Journal of Computer Vision},
	Publisher = {Springer},
	Title = {Dense trajectories and motion boundary descriptors for action recognition},
	Year = {2013}}

@article{hinton2006fast,
	Author = {Hinton, Geoffrey E and Osindero, Simon and Teh, Yee-Whye},
	Journal = {Neural computation},
	Publisher = {MIT Press},
	Title = {A fast learning algorithm for deep belief nets},
	Year = {2006}}

@inproceedings{krizhevsky2012imagenet,
	Author = {Krizhevsky, Alex and Sutskever, Ilya and Hinton, Geoffrey E},
	Booktitle = {Neural Information Processing Systems},
	Title = {ImageNet Classification with Deep Convolutional Neural Networks},
	Year = {2012}}

@inproceedings{ciresan2012multi,
	Author = {Ciresan, Dan and Meier, Ueli and Schmidhuber, J{\"u}rgen},
	Booktitle = {IEEE Conference on Computer Vision and Pattern Recognition},
	Title = {Multi-column deep neural networks for image classification},
	Year = {2012}}

@article{ji20133d,
	Author = {Ji, Shuiwang and Xu, Wei and Yang, Ming and Yu, Kai},
	Journal = {IEEE Transactions on Pattern Analysis and Machine Intelligence},
	Title = {3D convolutional neural networks for human action recognition},
	Year = {2013}}

@inproceedings{3dcnn,
	Author = {Shuiwang Ji, Wei Xu, Ming Yang and Kai Yu},
	Booktitle = {International Conference on Machine Learning},
	Publisher = {IEEE},
	Title = {3D Convolutional Neural Networks for Human Action Recognition},
	Year = {2010}}

@ainproceedingscle{LeNet,
	Author = {LeCun, Y. and Bottou, L. and Bengio, Y. and Haffner, P.},
	Publisher = {IEEE},
	Title = {Gradient-based learning applied to document recognition},
	Year = {1998}}

@incollection{taylor2010convolutional,
	Author = {Taylor, Graham W and Fergus, Rob and LeCun, Yann and Bregler, Christoph},
	Booktitle = {European Conference on Computer Vision},
	Publisher = {Springer},
	Title = {Convolutional learning of spatio-temporal features},
	Year = {2010}}

@inproceedings{srivastava2012multimodal,
	Author = {Srivastava, Nitish and Salakhutdinov, Ruslan},
	Booktitle = {Neural Information Processing Systems},
	Title = {Multimodal Learning with Deep Boltzmann Machines.},
	Year = {2012}}

@inproceedings{ngiam2011multimodal,
	Author = {Ngiam, Jiquan and Khosla, Aditya and Kim, Mingyu and Nam, Juhan and Lee, Honglak and Ng, Andrew Y},
	Booktitle = {International Conference on Machine Learning},
	Title = {Multimodal deep learning},
	Year = {2011}}

@article{matthews2002extraction,
	Author = {Matthews, Iain and Cootes, Timothy F and Bangham, J Andrew and Cox, Stephen and Harvey, Richard},
	Journal = {IEEE Transactions on Pattern Analysis and Machine Intelligence},
	Title = {Extraction of visual features for lipreading},
	Year = {2002}}

@article{zhao2009lipreading,
	Author = {Zhao, Guoying and Barnard, Mark and Pietikainen, Matti},
	Journal = {IEEE Transactions on Multimedia},
	Title = {Lipreading with local spatiotemporal descriptors},
	Year = {2009}}

@inproceedings{baccouche2005spatio,
	Author = {Baccouche, Moez and Mamalet, Franck and Wolf, Christian and Garcia, Christophe and Baskurt, Atilla},
	Booktitle = {British Machine Vision Conference},
	Title = {Spatio-Temporal Convolutional Sparse Auto-Encoder for Sequence Classification},
	Year = {2012}}

@phdthesis{salakhutdinov2009learning,
	Author = {Salakhutdinov, Ruslan},
	School = {University of Toronto},
	Title = {Learning deep generative models},
	Year = {2009}}

@incollection{wang2012robust,
	Author = {Wang, Jiang and Liu, Zicheng and Chorowski, Jan and Chen, Zhuoyuan and Wu, Ying},
	Booktitle = {European Conference on Computer Vision},
	Publisher = {Springer},
	Title = {Robust 3d action recognition with random occupancy patterns},
	Year = {2012}}

@inproceedings{CRF2001,
	Author = {Lafferty, John and McCallum, Andrew and Pereira, Fernado},
	Booktitle = {International Conference on Machine Learning},
	Title = {Conditional Random Fields: Probabilistic Models for Segmenting and Labeling Sequence Data},
	Year = {2001}}

@book{koller2009probabilistic,
	Author = {Koller, Daphne and Friedman, Nir},
	Publisher = {MIT press},
	Title = {Probabilistic graphical models: principles and techniques},
	Year = {2009}}

@book{bishop2006pattern,
	Author = {Bishop, Christopher},
	Publisher = {Springer},
	Title = {Pattern recognition and machine learning},
	Year = {2006}}

@article{Mooij_libDAI_10,
	Author = {Joris M. Mooij},
	Journal = {Journal of Machine Learning Research},
	Title = {lib{DAI}: A Free and Open Source {C++} Library for Discrete Approximate Inference in Graphical Models},
	Url = {http://www.jmlr.org/papers/volume11/mooij10a/mooij10a.pdf},
	Year = 2010,
	Bdsk-Url-1 = {http://www.jmlr.org/papers/volume11/mooij10a/mooij10a.pdf}}

@incollection{masci2011stacked,
	Author = {Masci, Jonathan and Meier, Ueli and Cire{\c{s}}an, Dan and Schmidhuber, J{\"u}rgen},
	Booktitle = {Artificial Neural Networks and Machine Learning},
	Publisher = {Springer},
	Title = {Stacked convolutional auto-encoders for hierarchical feature extraction},
	Year = {2011}}

@incollection{wang2012robust,
	Author = {Wang, Jiang and Liu, Zicheng and Chorowski, Jan and Chen, Zhuoyuan and Wu, Ying},
	Booktitle = {European Conference on Computer Vision},
	Publisher = {Springer},
	Title = {Robust 3d action recognition with random occupancy patterns},
	Year = {2012}}

@article{Ergodic,
	Author = {Konecby, Jakub and Hagara, Michal},
	Journal = {Journal of Machine Learning Research},
	Title = {One-Shot-Learning Gesture Recognition using HOG-HOF Features},
	Year = 2014}

@inproceedings{oreifej2013hon4d,
	Author = {Oreifej, Omar and Liu, Zicheng},
	Booktitle = {IEEE Conference on Computer Vision and Pattern Recognition},
	Title = {Hon4d: Histogram of oriented 4d normals for activity recognition from depth sequences},
	Year = {2013}}

@incollection{weinland2010making,
	Author = {Weinland, Daniel and {\"O}zuysal, Mustafa and Fua, Pascal},
	Booktitle = {European Conference on Computer Vision},
	Publisher = {Springer},
	Title = {Making action recognition robust to occlusions and viewpoint changes},
	Year = {2010}}

@inproceedings{klaser:inria-00514853,
	Author = {Klaser, Alexander and Marszalek, Marcin and Schmid, Cordelia},
	Booktitle = {British Machine Vision Conference},
	Title = {{A Spatio-Temporal Descriptor Based on 3D-Gradients}},
	Year = {2008}}

@inproceedings{wang2009evaluation,
	Author = {Wang, Heng and Ullah, Muhammad Muneeb and Klaser, Alexander and Laptev, Ivan and Schmid, Cordelia and others},
	Booktitle = {British Machine Vision Conference},
	Title = {Evaluation of local spatio-temporal features for action recognition},
	Year = {2009}}

@inproceedings{dollar2005behavior,
	Author = {Doll{\'a}r, Piotr and Rabaud, Vincent and Cottrell, Garrison and Belongie, Serge},
	Booktitle = {Visual Surveillance and Performance Evaluation of Tracking and Surveillance},
	Organization = {IEEE},
	Title = {Behavior recognition via sparse spatio-temporal features},
	Year = {2005}}

@inproceedings{hession3d,
	Author = {Willems, G. and Tuytelaars, T. , and Gool, L. Van},
	Booktitle = {European Conference on Computer Vision},
	Publisher = {Springer},
	Title = {An efficient dense and scale-invariant spatio-temporal interest point detector},
	Year = {2008}}

@incollection{bay2006surf,
	Author = {Bay, Herbert and Tuytelaars, Tinne and Van Gool, Luc},
	Booktitle = {European Conference on Computer Vision},
	Publisher = {Springer},
	Title = {SURF: Speeded up robust features},
	Year = {2006}}

@article{laptev2005space,
	Author = {Laptev, Ivan},
	Journal = {International Journal of Computer Vision},
	Publisher = {Springer},
	Title = {On space-time interest points},
	Year = {2005}}

@incollection{taylor2010convolutional,
	Author = {Taylor, Graham W and Fergus, Rob and LeCun, Yann and Bregler, Christoph},
	Booktitle = {European Conference on Computer Vision},
	Publisher = {Springer},
	Title = {Convolutional learning of spatio-temporal features}}

@inproceedings{le2011learning,
	Author = {Le, Quoc V and Zou, Will Y and Yeung, Serena Y and Ng, Andrew Y},
	Booktitle = {IEEE Conference on Computer Vision and Pattern Recognition},
	Title = {Learning hierarchical invariant spatio-temporal features for action recognition with independent subspace analysis},
	Year = {2011}}

@article{mohamed2012acoustic,
	Author = {Mohamed, Abdelrahman and Dahl, George E and Hinton, Geoffrey},
	Journal = {Audio, Speech, and Language Processing, IEEE Transactions on},
	Title = {Acoustic modeling using deep belief networks},
	Year = {2012}}

@inproceedings{scovanner20073,
	Author = {Scovanner, Paul and Ali, Saad and Shah, Mubarak},
	Booktitle = {ACM International Conference on Multimedia},
	Title = {A 3-dimensional sift descriptor and its application to action recognition},
	Year = {2007}}

@incollection{willems2008efficient,
	Author = {Willems, Geert and Tuytelaars, Tinne and Van Gool, Luc},
	Booktitle = {European Conference on Computer Vision},
	Publisher = {Springer},
	Title = {An efficient dense and scale-invariant spatio-temporal interest point detector},
	Year = {2008}}

@inproceedings{bergstra+al:2010-scipy,
	Author = {Bergstra, James and Breuleux, Olivier and Bastien, Fr{\'{e}}d{\'{e}}ric and Lamblin, Pascal and Pascanu, Razvan and Desjardins, Guillaume and Turian, Joseph and Warde-Farley, David and Bengio, Yoshua},
	Booktitle = {Proceedings of the Python for Scientific Computing Conference ({SciPy})},
	Title = {Theano: a {CPU} and {GPU} Math Expression Compiler},
	Year = {2010}}

@article{mnih2013playing,
	Author = {Mnih, Volodymyr and Kavukcuoglu, Koray and Silver, David and Graves, Alex and Antonoglou, Ioannis and Wierstra, Daan and Riedmiller, Martin},
	Journal = {arXiv preprint arXiv:1312.5602},
	Title = {Playing Atari with deep reinforcement learning},
	Year = {2013}}

@inproceedings{wu2012one,
	Author = {Wu, Di and Zhu, Fan and Shao, Ling},
	Booktitle = {International Conference on Computer Vision and Pattern Recognition Workshops},
	Title = {One shot learning gesture recognition from rgbd images},
	Year = {2012}}

@inproceedings{lewis1995fast,
	Author = {Lewis, JP},
	Booktitle = {Vision interface},
	Number = {1},
	Pages = {120--123},
	Title = {Fast normalized cross-correlation},
	Volume = {10},
	Year = {1995}}

@article{liuli,
	Author = {Liu, Li and Shao, Ling and Zheng, Feng and Li, X},
	Journal = {Pattern Recognition, doi: 10.1016/j.patcog.2014.07.006.},
	Title = {Realistic Action Recognition via Sparsely-Constructed Gaussian Processes},
	Year = {2014}}

@article{tzhou,
	Author = {Zhou, T and Tao, D},
	Journal = {IEEE Transactions on Image Processing 22(1): 244-257},
	Title = {Double Shrinking Sparse Dimension Reduction},
	Year = {2013}}

@article{tzhou,
	Author = {Zhou, T and Tao, D},
	Journal = {IEEE Transactions on Image Processing 22(1): 244-257},
	Title = {Double Shrinking Sparse Dimension Reduction},
	Year = {2013}}

@article{cxu,
	Author = {Xu, C and Tao, D},
	Journal = {IEEE Trans. Pattern Anal. Mach. Intell. 36(8): 1559-1572},
	Title = {Large-Margin Multi-View Information Bottleneck},
	Year = {2014}}

@article{xiantong,
	Author = {Shao, Ling and Zhen, X and Li, X},
	Journal = {IEEE Transactions on Cybernetics, vol. 44, no. 6, pp. 817-827},
	Title = {Spatio-Temporal Laplacian Pyramid Coding for Action Recognition},
	Year = {2014}}

@article{diwu2,
	Author = {Wu, Di and Shao, Ling},
	Journal = {IEEE Transactions on Circuits and Systems for Video Technology, vol. 23, no. 2, pp. 236-243},
	Title = {Silhouette Analysis-Based Action Recognition Via Exploiting Human Poses},
	Year = {2013}}

@article{lingshao2,
	Author = {Han, J and Shao, L and Shotton, J},
	Journal = {IEEE Transactions on Cybernetics, vol. 43, no. 5, pp. 1317-1333},
	Title = {Enhanced Computer Vision with Microsoft Kinect Sensor: A Review},
	Year = {2013}}

@inproceedings{jarrett2009best,
	Author = {Jarrett, Kevin and Kavukcuoglu, Koray and Ranzato, M and LeCun, Yann},
	Booktitle = {Computer Vision, 2009 IEEE 12th International Conference on},
	Organization = {IEEE},
	Pages = {2146--2153},
	Title = {What is the best multi-stage architecture for object recognition?},
	Year = {2009}}

@article{hinton2012improving,
	Author = {Hinton, Geoffrey E and Srivastava, Nitish and Krizhevsky, Alex and Sutskever, Ilya and Salakhutdinov, Ruslan R},
	Journal = {arXiv preprint arXiv:1207.0580},
	Title = {Improving neural networks by preventing co-adaptation of feature detectors},
	Year = {2012}}

@inproceedings{sutskever2013importance,
	Author = {Sutskever, Ilya and Martens, James and Dahl, George and Hinton, Geoffrey},
	Booktitle = {Proceedings of the 30th International Conference on Machine Learning (ICML-13)},
	Pages = {1139--1147},
	Title = {On the importance of initialization and momentum in deep learning},
	Year = {2013}}

@article{hannun2014deepspeech,
	Author = {Hannun, Awni and Case, Carl and Casper, Jared and Catanzaro, Bryan and Diamos, Greg and Elsen, Erich and Prenger, Ryan and Satheesh, Sanjeev and Sengupta, Shubho and Coates, Adam and others},
	Journal = {arXiv preprint arXiv:1412.5567},
	Title = {DeepSpeech: Scaling up end-to-end speech recognition},
	Year = {2014}}

@article{wu2014deep,
	Author = {Wu, Di and Shao, Ling},
	Journal = {European Conference on Computer Vision and Pattern Recognition Workshops},
	Title = {Deep dynamic neural networks for gesture segmentation and recognition},
	Year = {2014}}

@inproceedings{lio2014deep,
	Author = {Pigou, Lionel and Dieleman, Sander and Kindermans, Pieter-Jan and Schrauwen, Benjamin},
	Booktitle = {European Conference on Computer Vision and Pattern Recognition Workshops},
	Title = {Sign Language Recognition Using Convolutional Neural Networks},
	Year = {2014}}

@inproceedings{neverova2014multi,
	Author = {Neverova, N and Wolf, C and Taylor, GW and Nebout, F},
	Booktitle = {European Conference on Computer Vision and Pattern Recognition Workshops},
	Title = {Multi-scale deep learning for gesture detection and localization},
	Year = {2014}}

@inproceedings{Monnier2014multi,
	Author = {Monnier, Camille and German, Stan and Ost, Andrey},
	Booktitle = {European Conference on Computer Vision and Pattern Recognition Workshops},
	Title = {A Multi-scale Boosted Detector for Efficient and Robust Gesture Recognition},
	Year = {2014}}

@inproceedings{Chang2014multi,
	Author = {Chang, Ju Yong},
	Booktitle = {European Conference on Computer Vision and Pattern Recognition Workshops},
	Title = {Nonparametric Gesture Labeling from Multi-modal Data},
	Year = {2014}}

@inproceedings{Peng2014multi,
	Author = {Peng, Xiaojiang and Wang, Limin and Cai, Zhuowei},
	Booktitle = {European Conference on Computer Vision and Pattern Recognition Workshops},
	Title = {Action and Gesture Temporal Spotting with Super Vector Representation},
	Year = {2014}}

@inproceedings{yao2011does,
	Author = {Yao, Angela and Gall, Juergen and Fanelli, Gabriele and Van Gool, Luc J},
	Booktitle = {BMVC},
	Title = {Does Human Action Recognition Benefit from Pose Estimation?.},
	Year = {2011}}

@inproceedings{socher2012convolutional,
	Author = {Socher, Richard and Huval, Brody and Bath, Bharath and Manning, Christopher D and Ng, Andrew Y},
	Booktitle = {Advances in Neural Information Processing Systems},
	Title = {Convolutional-recursive deep learning for 3d object classification},
	Year = {2012}}

@incollection{gupta2014learning,
	Author = {Gupta, Saurabh and Girshick, Ross and Arbel{\'a}ez, Pablo and Malik, Jitendra},
	Booktitle = {ECCV},
	Publisher = {Springer},
	Title = {Learning rich features from RGB-D images for object detection and segmentation},
	Year = {2014}}
